<?xml version="1.0" encoding="UTF-8"?><record xmlns="http://www.loc.gov/MARC21/slim" xmlns:cinclude="http://apache.org/cocoon/include/1.0" xmlns:zs="http://www.loc.gov/zing/srw/">
  <leader>01492cz  a2200301n  4500</leader>
  <controlfield tag="001">no2015141165</controlfield>
  <controlfield tag="003">DLC</controlfield>
  <controlfield tag="005">20160328105749.0</controlfield>
  <controlfield tag="008">151021n| azannaabn          |a ana     c</controlfield>
  <datafield tag="010" ind1=" " ind2=" ">
    <subfield code="a">no2015141165</subfield>
  </datafield>
  <datafield tag="035" ind1=" " ind2=" ">
    <subfield code="a">(OCoLC)oca10301343</subfield>
  </datafield>
  <datafield tag="040" ind1=" " ind2=" ">
    <subfield code="a">MoSU-L</subfield>
    <subfield code="b">eng</subfield>
    <subfield code="e">rda</subfield>
    <subfield code="c">MoSU-L</subfield>
  </datafield>
  <datafield tag="043" ind1=" " ind2=" ">
    <subfield code="a">n-cn-on</subfield>
    <subfield code="a">n-cn-mb</subfield>
  </datafield>
  <datafield tag="151" ind1=" " ind2=" ">
    <subfield code="a">Shoal Lake No. 40</subfield>
  </datafield>
  <datafield tag="368" ind1=" " ind2=" ">
    <subfield code="b">Federally recognized First Nations</subfield>
  </datafield>
  <datafield tag="370" ind1=" " ind2=" ">
    <subfield code="c">Canada</subfield>
    <subfield code="f">Ontario</subfield>
    <subfield code="2">naf</subfield>
  </datafield>
  <datafield tag="370" ind1=" " ind2=" ">
    <subfield code="e">Kejick (Ont.)</subfield>
  </datafield>
  <datafield tag="371" ind1=" " ind2=" ">
    <subfield code="a">General Delivery</subfield>
    <subfield code="b">Kejick</subfield>
    <subfield code="c">Ontario</subfield>
    <subfield code="d">Canada</subfield>
    <subfield code="e">P0X 1E0</subfield>
  </datafield>
  <datafield tag="373" ind1=" " ind2=" ">
    <subfield code="a">Bimose Tribal Council</subfield>
  </datafield>
  <datafield tag="373" ind1=" " ind2=" ">
    <subfield code="a">Grand Council Treaty no. 3</subfield>
    <subfield code="2">naf</subfield>
  </datafield>
  <datafield tag="451" ind1=" " ind2=" ">
    <subfield code="a">Shoal Lake Number Forty</subfield>
  </datafield>
  <datafield tag="451" ind1=" " ind2=" ">
    <subfield code="a">Shoal Lake #40</subfield>
  </datafield>
  <datafield tag="451" ind1=" " ind2=" ">
    <subfield code="a">SL #40</subfield>
  </datafield>
  <datafield tag="451" ind1=" " ind2=" ">
    <subfield code="a">Shoal Lake 40 First Nation</subfield>
  </datafield>
  <datafield tag="670" ind1=" " ind2=" ">
    <subfield code="a">Aboriginal Affairs and Northern Development Canada website, viewed October 21, 2015:</subfield>
    <subfield code="b">First Nation profiles (Shoal Lake No. 40; address: General Delivery, Kejick, ON P0X 1E0; Tribal Council affiliated with this First Nation: Bimose Tribal Council)</subfield>
  </datafield>
  <datafield tag="670" ind1=" " ind2=" ">
    <subfield code="a">Shoal Lake No. 40 website, viewed October 21, 2015:</subfield>
    <subfield code="b">landing page (Shoal Lake #40; SL#40; SL #40) About page (Shoal Lake 40 First Nation is an Ojibwa or Ontario Saulteaux First Nation located in the Eastman Region of Manitoba and the Kenora District of Ontario. The first Nation is a member of the Grand Council of Treaty 3. Shoal Lake 40)</subfield>
    <subfield code="u">http://www.sl40.ca/</subfield>
  </datafield>
  <datafield tag="675" ind1=" " ind2=" ">
    <subfield code="a">Library of Congress database, October 21, 2015;</subfield>
    <subfield code="a">VIAF, October 21, 2015</subfield>
  </datafield>
  <datafield tag="781" ind1=" " ind2="0">
    <subfield code="z">Shoal Lake No. 40</subfield>
  </datafield>
</record>